@ARTICLE{ChaplyginINMOM2017,
  author   = {Чаплыгин А. В.},
  title    = {Параллельная реализация общей модели циркуляции океана INMOM},
  journal  = {Сборник тезисов лучших выпускных квалификационных работ факультета ВМК МГУ 2017},
  address = {Москва},
  publisher = {МАКС ПРЕСС},
  year     = {2017},
  volume   = {20},
  pages    = {27-28}
}

@ARTICLE{ChaplyginSW2017,
  author   = {Чаплыгин А.В., Дианский Н.А., Гусев А.В.},
  title    = {Параллельное моделирование нелинейных уравнений мелкой воды},
  journal  = {Труды 60-й Всероссийской научной конференции МФТИ},
  year     = {2017}
}

@ARTICLE{ChaplyginAzov2017,
  author   = {Фомин В.В., Дианский Н.А., Чаплыгин А.В.},
  title    = {Расчет экстремальных нагонов в Таганрогском заливе и использование моделей циркуляции атмосферы и океана различного пространственного разрешения},
  journal  = {Труды VI международной научно-практической конференции «Морские исследования и образование: MARESEDU-2017»},
  year     = {2017}
}

@ARTICLE{ChaplyginLB2019,
  author   = {Чаплыгин А.В., Дианский Н.А., Гусев А.В.},
  title    = {Метод балансировки нагрузки вычислений с использованием кривых Гильберта применительно к параллельному алгоритму решения уравнений мелкой воды},
  journal  = {Вычислительные методы и программирование},
  year     = {2019},
  volume   = {20},
  pages    = {75-87}
}

@ARTICLE{ChaplyginSW2021,
  author   = {Чаплыгин А. В., Гусев А.},
  title    = {ГИБРИДНАЯ МОДЕЛЬ МЕЛКОЙ ВОДЫ С ИСПОЛЬЗОВАНИЕМ ТЕХНОЛОГИЙ MPI-OPENMP},
  journal  = {Проблемы информатики},
  year     = {2021},
  volume   = {50},
  number   = {1}
}

@ARTICLE{ChaplyginINMOM2021,
  author   = {Фомин В.В. и Панасенкова И.И., Гусев А.В. и Чаплыгин А.В., Дианский Н.А.},
  title    = {Система оперативного моделирования Северного Ледовитого океана и прилегающих к нему акваторий на основе российской модели INMOM-Арктика},
  journal  = {Арктика: экология и экономика},
  year     = {2021},
  volume   = {11},
  number   = {2}
}

@article{Chaplygin_Gusev_Diansky_2022,
title={High-performance Shallow Water Model for Use on Massively Parallel and Heterogeneous Computing Systems},
volume={8},
url={https://superfri.org/index.php/superfri/article/view/416},
DOI={10.14529/jsfi210407},
number={4},
journal={Supercomputing Frontiers and Innovations},
author={Chaplygin, Andrey V. and Gusev, Anatoly V. and Diansky, Nikolay A.}, year={2022},
month={Feb.},
pages={74–93}}

@ARTICLE{DianskyInertOsc2019,
  author   = {Дианский Н.А. и Фомин В.В., Григорьев А.В. и Чаплыгин А.В., Зацепин А.Г.},
  title    = {Пространственно-временная изменчивость инерционных течений в восточной части Черного моря в штормовой период},
  journal  = {Морской гидрофизический журнал},
  year     = {2019},
  number   = {2},
  pages    = {147-159}
}

@CONFERENCE{MARESEDU,
  author       = {Фомин В.В., Дианский Н.А., Чаплыгин А.В.},
  title        = {Расчет экстремальных нагонов в Таганрогском заливе и использование моделей циркуляции атмосферы и океана различного пространственного разрешения},
  booktitle    = {Труды VI международной научно-практической конференции «Морские исследования и образование: MARESEDU-2017»},
  year         = {2017}
}
 
