% ГОСТ Р 7.0.11-2011, Приложение Б, Книги

@BOOK{ROUCH,
  author = {Роуч П},
  title = {Вычислительная гидродинамика},
  address = {М.},
  publisher = {Мир},
  year = {1980},
  numpages = {618}
}

@BOOK{MARCHUK,
  author = {Марчук Г.И.},
  title = {Методы вычислительной математики},
  address = {М.},
  publisher = {Наука},
  year = {1989},
  numpages = {608}
}

@BOOK{POM,
  author    = {George L. Mellor},
  title     = {User guide for a three-dimensional primitive equation numerical ocean model},
  publisher = {Princeton University}
}

@BOOK{INMOM,
  author = {Дианский Н. А.},
  title = {Моделирование циркуляции океана и исследование его реакции на короткопериодные и долгопериодные атмосферные воздействия},
  address = {М.},
  publisher = {Физмалит},
  year = {2012}
}

@PHDTHESIS{SuhovPhD,
  author = {Сухов В.Б.},
  title = {О решении некоторых задач моделирования крупномасштабной динамики океана},
  year = {2009}
}

@PHDTHESIS{GusevPhD,
  author = {Гусев А.В.},
  title = {Численная модель гидродинамики океана в криволинейных координатах для воспроизведения циркуляции мирового океана и его отдельных акваторий},
  school = {ИВМ РАН},
  address = {Москва},
  year = {2009}
}

@ARTICLE{AleskeevZalesny,
  author   = {Алексеев В.В., Залесный В.Б.},
  title    = {Численная модель крупномасштабной динамики океана},
  journal  = {Вычислительные процессы и системы Ред. Марчук Г.И.},
  address = {М.},
  publisher = {Наука,},
  year     = {1993},
  number   = {10},
  pages    = {232-252}
}

@inbook{BlumbergMellor,
author = {Blumberg, Alan F. and Mellor, George L.},
publisher = {American Geophysical Union (AGU)},
isbn = {9781118665046},
title = {A Description of a Three-Dimensional Coastal Ocean Circulation Model},
booktitle = {Three‐Dimensional Coastal Ocean Models},
chapter = {},
pages = {1-16},
doi = {https://doi.org/10.1029/CO004p0001},
url = {https://agupubs.onlinelibrary.wiley.com/doi/abs/10.1029/CO004p0001},
eprint = {https://agupubs.onlinelibrary.wiley.com/doi/pdf/10.1029/CO004p0001},
year = {1987}
}

@article{NCARClimateSystemModel,
      author = {Peter R. Gent and Frank O. Bryan and Gokhan Danabasoglu and Scott C. Doney and William R. Holland and William G. Large and James C. McWilliams},
      title = {The NCAR Climate System Model Global Ocean Component},
      journal = {Journal of Climate},
      year = {1998},
      publisher = {American Meteorological Society},
      address = {Boston MA, USA},
      volume = {11},
      number = {6},
      doi = {https://doi.org/10.1175/1520-0442(1998)011<1287:TNCSMG>2.0.CO;2},
      pages=      {1287 - 1306},
      url = {https://journals.ametsoc.org/view/journals/clim/11/6/1520-0442_1998_011_1287_tncsmg_2.0.co_2.xml}
}

@article{OceanicIsopycnalMixingbyCoordinateRotation,
      author = "Martha H.  Redi",
      title = "Oceanic Isopycnal Mixing by Coordinate Rotation",
      journal = "Journal of Physical Oceanography",
      year = "1982",
      publisher = "American Meteorological Society",
      address = "Boston MA, USA",
      volume = "12",
      number = "10",
      doi = "https://doi.org/10.1175/1520-0485(1982)012<1154:OIMBCR>2.0.CO;2",
      pages=      "1154 - 1158",
      url = "https://journals.ametsoc.org/view/journals/phoc/12/10/1520-0485_1982_012_1154_oimbcr_2_0_co_2.xml"
}

@article{ParameterizationofVerticalMixing,
      author = "R. C.  Pacanowski and S. G. H.  Philander",
      title = "Parameterization of Vertical Mixing in Numerical Models of Tropical Oceans",
      journal = "Journal of Physical Oceanography",
      year = "1981",
      publisher = "American Meteorological Society",
      address = "Boston MA, USA",
      volume = "11",
      number = "11",
      doi = "https://doi.org/10.1175/1520-0485(1981)011<1443:POVMIN>2.0.CO;2",
      pages=      "1443 - 1451",
      url = "https://journals.ametsoc.org/view/journals/phoc/11/11/1520-0485_1981_011_1443_povmin_2_0_co_2.xml"
}

@article{MellorYamada,
author = {Mellor, George L. and Yamada, Tetsuji},
title = {Development of a turbulence closure model for geophysical fluid problems},
journal = {Reviews of Geophysics},
volume = {20},
number = {4},
pages = {851-875},
doi = {https://doi.org/10.1029/RG020i004p00851},
url = {https://agupubs.onlinelibrary.wiley.com/doi/abs/10.1029/RG020i004p00851},
year = {1982}
}

@article{GuansuoWang,
author = {Guansuo Wang, Fangli Qiao, Changshui Xia},
title = {Parallelization of a coupled wave-circulation model and its application},
journal = {Ocean Dynamics},
volume = {60},
pages = {331-339},
year = {2010}
}

@BOOK{PETSc,
  author    = {Satish Balay, Shrirang Abhyankar, Mark F. Adams and etc.},
  title     = {PETSc Users Manual. Technical Report},
  publisher = {Argonne National Laboratory}
}

@incollection{ARAKAWA1977,
title = {Computational Design of the Basic Dynamical Processes of the UCLA General Circulation Model},
editor = {JULIUS CHANG},
series = {Methods in Computational Physics: Advances in Research and Applications},
publisher = {Elsevier},
volume = {17},
pages = {173-265},
year = {1977},
booktitle = {General Circulation Models of the Atmosphere},
issn = {0076-6860},
doi = {https://doi.org/10.1016/B978-0-12-460817-7.50009-4},
url = {https://www.sciencedirect.com/science/article/pii/B9780124608177500094},
author = {AKIO ARAKAWA and VIVIAN R. LAMB}
}

@ARTICLE{ARAKAWA1976,
title     = {Numerical methods used in atmospheric models},
journal   = {JOC},
publisher = {GAPR Publication Series},
volume    = {1},
number    = {17},
year      = {1976},
author    = {Mesinger F., Arakawa A.}
}

@BOOK{TUNAMI,
  author = {Fumihiko Imamura, Ahmet Cedvet Yalciner, Gulizar Ozyurt},
  title = {Tsunami modelling model (TUNAMI model)},
  year = {2006}
}

@ARTICLE{ROMS2005,
  author   = {Alexander F. Shchepetkin, James C. McWilliams},
  title    = {The regional oceanic modeling system (ROMS): a split-explicit, free-surface, topography-following-coordinate oceanic model},
  journal  = {Ocean Modelling},
  year     = {2005},
  volume   = {9},
  number   = {4},
  pages    = {347-404}
}

@ARTICLE{Ibraev2015,
  author   = {Ушаков К.В., Ибраев Р.А., Калмыков В.В.},
  title    = {Воспроизведение климата Мирового океана с помощью массивно-параллельной численной модели},
  journal  = {Известия Российской академии наук: Физика атмосферы и океана},
  year     = {2015},
  volume   = {51},
  number   = {4},
  pages    = {416}
}

@ARTICLE{ChaplyginINMOM2017,
  author   = {Чаплыгин А. В.},
  title    = {Параллельная реализация общей модели циркуляции океана INMOM},
  journal  = {Сборник тезисов лучших выпускных квалификационных работ факультета ВМК МГУ 2017},
  address = {Москва},
  publisher = {МАКС ПРЕСС},
  year     = {2017},
  volume   = {20},
  pages    = {27-28}
}

@ARTICLE{TerehovINMOM2010,
  author   = {Терехов К.М.},
  title    = {Параллельная реализация модели общей циркуляции океана},
  journal  = {Сборник тезисов лучших дипломных работ 2010. ВМИК МГУ},
  address = {Москва},
  publisher = {МАКС ПРЕСС},
  year     = {2010},
  pages    = {30-31}
}

@ARTICLE{VolodinINMCM2013,
  author   = {Володин Е.М., Дианский Н.А., Гусев А.В.},
  title    = {Модель земной системы INMCM4: воспроизведение и прогноз климатических изменений в 19-21 веках},
  journal  = {Известия РАН. Физика атмосферы и океана},
  year     = {2013},
  volume   = {49},
  number   = {4},
  pages    = {379-400}
}

@ARTICLE{ChaplyginSW2017,
  author   = {Чаплыгин А.В., Дианский Н.А., Гусев А.В.},
  title    = {Параллельное моделирование нелинейных уравнений мелкой воды},
  journal  = {Труды 60-й Всероссийской научной конференции МФТИ},
  year     = {2017}
}

@ARTICLE{ChaplyginAzov2017,
  author   = {Фомин В.В., Дианский Н.А., Чаплыгин А.В.},
  title    = {Расчет экстремальных нагонов в Таганрогском заливе и использование моделей циркуляции атмосферы и океана различного пространственного разрешения},
  journal  = {Труды VI международной научно-практической конференции «Морские исследования и образование: MARESEDU-2017»},
  year     = {2017}
}

@ARTICLE{ChaplyginLB2019,
  author   = {Чаплыгин А.В., Дианский Н.А., Гусев А.В.},
  title    = {Метод балансировки нагрузки вычислений с использованием кривых Гильберта применительно к параллельному алгоритму решения уравнений мелкой воды},
  journal  = {Вычислительные методы и программирование},
  year     = {2019},
  volume   = {20},
  pages    = {75-87}
}

@ARTICLE{ChaplyginSW2021,
  author   = {Чаплыгин А. В., Гусев А.},
  title    = {ГИБРИДНАЯ МОДЕЛЬ МЕЛКОЙ ВОДЫ С ИСПОЛЬЗОВАНИЕМ ТЕХНОЛОГИЙ MPI-OPENMP},
  journal  = {Проблемы информатики},
  year     = {2021},
  volume   = {50},
  number   = {1}
}

@ARTICLE{ChaplyginINMOM2021,
  author   = {Фомин В.В. и Панасенкова И.И., Гусев А.В. и Чаплыгин А.В., Дианский Н.А.},
  title    = {Система оперативного моделирования Северного Ледовитого океана и прилегающих к нему акваторий на основе российской модели INMOM-Арктика},
  journal  = {Арктика: экология и экономика},
  year     = {2021},
  volume   = {11},
  number   = {2}
}

@article{Chaplygin_Gusev_Diansky_2022,
title={High-performance Shallow Water Model for Use on Massively Parallel and Heterogeneous Computing Systems},
volume={8},
url={https://superfri.org/index.php/superfri/article/view/416},
DOI={10.14529/jsfi210407},
number={4},
journal={Supercomputing Frontiers and Innovations},
author={Chaplygin, Andrey V. and Gusev, Anatoly V. and Diansky, Nikolay A.}, year={2022},
month={Feb.},
pages={74–93}}

@ARTICLE{DianskyInertOsc2019,
  author   = {Дианский Н.А. и Фомин В.В., Григорьев А.В. и Чаплыгин А.В., Зацепин А.Г.},
  title    = {Пространственно-временная изменчивость инерционных течений в восточной части Черного моря в штормовой период},
  journal  = {Морской гидрофизический журнал},
  year     = {2019},
  number   = {2},
  pages    = {147-159}
}

% author = {Masson-Delmotte, V., P. Zhai, A. Pirani, S.L. Connors, C. Péan, S. Berger, N. Caud, Y. Chen, L. Goldfarb, M.I. Gomis, M. Huang, K. Leitzell, E. Lonnoy, J.B.R. Matthews, T.K. Maycock, T. Waterfield, O. Yelekçi, R. Yu, and B. Zhou }
@BOOK{IPCC21,
  author = {Masson-Delmotte V., P. Zhai, A. Pirani and etc.},
  title = {IPCC, 2021: Climate Change 2021: The Physical Science Basis. Contribution of Working Group I to the Sixth Assessment Report of the Intergovernmental Panel on Climate Change},
  address = {United Kingdom and New York},
  publisher = {Cambridge University Press},
  year = {2021}
}

@MANUAL{TOP500,
  title = {https://www.top500.org}
}

@MANUAL{TOP50,
  title = {http://top50.supercomputers.ru/newsfeed}
}

@Article{gmd-11-3447-2018,
AUTHOR = {Porter, A. R. and Appleyard, J. and Ashworth, M. and Ford, R. W. and Holt, J. and Liu, H. and Riley, G. D.},
TITLE = {Portable multi- and many-core performance for finite-difference or finite-element codes -- application to the free-surface component of NEMO (NEMOLite2D 1.0)},
JOURNAL = {Geoscientific Model Development},
VOLUME = {11},
YEAR = {2018},
NUMBER = {8},
PAGES = {3447--3464},
URL = {https://gmd.copernicus.org/articles/11/3447/2018/},
DOI = {10.5194/gmd-11-3447-2018}
}

@MANUAL{METIS,
  title        = {METIS: A Software Package for Partitioning Unstructured Graphs, Partitioning Meshes, and Computing Fill-Reducing Orderings of Sparse Matrices},
  author       = {G. Karypis},
  edition      = {5.1.0},
  year         = {2013}
}

@Article{Dennis2007,
AUTHOR = {John M. Dennis},
TITLE = {Inverse Space-Filling Curve Partitioning of a Global Ocean Model},
JOURNAL = {IEEE International Parallel and Distributed Processing Symposium},
YEAR = {2007}
}

@BOOK{SFC1994,
  author = {Hans Sagan},
  title = {Space-Filling Curves},
  publisher = {Springer-Verlag},
  year = {1994}
}

@Article{Hui2017,
AUTHOR = {Hui Liu, Kun Wang, Bo Yang and Min Yang, Ruijian He, Lihua Shen and He Zhong, Zhangxin Chen},
TITLE = {Load Balancing using Hilbert Space-filling Curves for Parallel Reservoir Simulations},
JOURNAL = {Cornell University Library},
YEAR = {2017}
}

@Article{gmd-7-267-2014,
AUTHOR = {van Werkhoven, B. and Maassen, J. and Kliphuis, M. and Dijkstra, H. A. and Brunnabend, S. E. and van Meersbergen, M. and Seinstra, F. J. and Bal, H. E.},
TITLE = {A distributed computing approach to improve the performance of the Parallel Ocean Program (v2.1)},
JOURNAL = {Geoscientific Model Development},
VOLUME = {7},
YEAR = {2014},
NUMBER = {1},
PAGES = {267--281},
URL = {https://gmd.copernicus.org/articles/7/267/2014/},
DOI = {10.5194/gmd-7-267-2014}
}

@Article{Rantakokko1998,
author = { JARMO   RANTAKOKKO },
title = {A FRAMEWORK FOR PARTITIONING STRUCTURED GRIDS WITH INHOMOGENEOUS WORKLOAD},
journal = {Parallel Algorithms and Applications},
volume = {13},
number = {2},
pages = {135-151},
year  = {1998},
publisher = {Taylor & Francis},
doi = {10.1080/01495739808947364}
}

@MANUAL{POP,
  title        = {The Parallel Ocean Program (POP) Reference Manual Ocean Component of the Community Climate System Model (CCSM) and Community Earth System Model (CESM)},
  author       = {R. Smith, P. Jones, B. Briegleb and et al},
  year         = {2010}
}

@MANUAL{HIROMB,
  title        = {Parallelization of the HIROMB Ocean Model},
  author       = {Tomas Wilhelmsson},
  publisher    = {Royal Institute of Technology Department of Numerical Analysis and Computer Science},
  year         = {2002}
}

@Article{gmd-11-1799-2018,
AUTHOR = {Lawrence, B. N. and Rezny, M. and Budich, R. and Bauer, P. and Behrens, J. and Carter, M. and Deconinck, W. and Ford, R. and Maynard, C. and Mullerworth, S. and Osuna, C. and Porter, A. and Serradell, K. and Valcke, S. and Wedi, N. and Wilson, S.},
TITLE = {Crossing the chasm: how to develop weather and climate models for next generation computers?},
JOURNAL = {Geoscientific Model Development},
VOLUME = {11},
YEAR = {2018},
NUMBER = {5},
PAGES = {1799--1821},
URL = {https://gmd.copernicus.org/articles/11/1799/2018/},
DOI = {10.5194/gmd-11-1799-2018}
}

@article{Liu2019ParallelIA,
  title={Parallel Implementation and Optimization of Regional Ocean Modeling System (ROMS) Based on Sunway SW26010 Many-Core Processor},
  author={Tao Liu and Yuanhuang Zhuang and Min Tian and Jingshan Pan and Yunhui Zeng and Yingyu Guo and Meihong Yang},
  journal={IEEE Access},
  year={2019},
  volume={7},
  pages={146170-146182}
}

@article{Afzal_Ansari_Faizabadi_Ramis_2016, 
title={Parallelization strategies for Computational Fluid Dynamics Software: State of the art review}, 
volume={24}, 
DOI={10.1007/s11831-016-9165-4}, 
number={2}, 
journal={Archives of Computational Methods in Engineering}, 
author={Afzal, Asif and Ansari, Zahid and Faizabadi, Ahmed Rimaz and Ramis, M. K.}, year={2016}, 
pages={337–363}
} 

@CONFERENCE{MPIOpenMP2017,
  author={Akhmetova, Dana and Iakymchuk, Roman and Ekeberg, Orjan and Laure, Erwin},
  booktitle={2017 IEEE International Parallel and Distributed Processing Symposium Workshops (IPDPSW)}, 
  title={Performance Study of Multithreaded MPI and OpenMP Tasking in a Large Scientific Code}, 
  year={2017},
  volume={},
  number={},
  pages={756-765},
  doi={10.1109/IPDPSW.2017.128}
 }

@CONFERENCE{Mortikov2016,
  author       = {Мортиков Е.В.},
  title        = {Программная реализация блока переноса примесей в климатических моделях на основе гибридного программирования MPI-OpenMP},
  booktitle    = {Суперкомпьютерные дни в России: Труды международной конференции},
  year         = {2016},
  pages        = {521--529}
}

@article{Wellein2003,
author = {Rolf Rabenseifner and Gerhard Wellein},
title ={Communication and Optimization Aspects of Parallel Programming Models on Hybrid Architectures},
journal = {The International Journal of High Performance Computing Applications},
volume = {17},
number = {1},
pages = {49-62},
year = {2003},
doi = {10.1177/1094342003017001005}  
}

@CONFERENCE{WRF2016,
  author       = {Elliott S., Sobhani N. and Del Vento D. and Gill D. O.},
  title        = {WRF performance optimization targeting Intel multicore and manycore architectures},
  booktitle    = {In 2nd Symposium on High Performance Computing for Weather, Water, and Climate},
  year         = {2016},
  address      = {New Orleans, LA, US},
  organization = {American Meteorological Society}
}

@article{SHCHEPETKIN2005347,
title = {The regional oceanic modeling system (ROMS): a split-explicit, free-surface, topography-following-coordinate oceanic model},
journal = {Ocean Modelling},
volume = {9},
number = {4},
pages = {347-404},
year = {2005},
issn = {1463-5003},
doi = {https://doi.org/10.1016/j.ocemod.2004.08.002},
url = {https://www.sciencedirect.com/science/article/pii/S1463500304000484},
author = {Alexander F. Shchepetkin and James C. McWilliams}
}

@article{plosSW,
   doi = {10.1371/journal.pone.0172583},
   issn = {19326203},
   issue = {3},
   journal = {PLoS ONE},
   title = {Solving global shallow water equations on heterogeneous supercomputers},
   volume = {12},
   year = {2017},
}

@article{VOLNA,
   author = {Istvan Z. Reguly and Daniel Giles and Devaraj Gopinathan and Laure Quivy and Joakim H. Beck and Michael B. Giles and Serge Guillas and Frederic Dias},
   doi = {10.5194/gmd-11-4621-2018},
   issn = {19919603},
   issue = {11},
   journal = {Geoscientific Model Development},
   title = {The VOLNA-OP2 tsunami code (version 1.5)},
   volume = {11},
   year = {2018},
}

@article{gpuPOM,
   author = {S. Xu and X. Huang and L. Y. Oey and F. Xu and H. Fu and Y. Zhang and G. Yang},
   doi = {10.5194/gmd-8-2815-2015},
   issn = {19919603},
   issue = {9},
   journal = {Geoscientific Model Development},
   title = {POM.GPU-v1.0: A GPU-based princeton ocean model},
   volume = {8},
   year = {2015},
}

@article{CUDAopt,
   author = {Md Abdullah Shahneous Bari and Larisa Stoltzfus and Pei Hung Lin and Chunhua Liao and Murali Emani and Barbara Chapman},
   doi = {10.1109/PMBS.2018.8641666},
   journal = {Proceedings of PMBS 2018: Performance Modeling, Benchmarking and Simulation of High Performance Computer Systems, Held in conjunction with SC 2018: The International Conference for High Performance Computing, Networking, Storage and Analysis},
   title = {Is data placement optimization still relevant on newer GPUs?},
   year = {2019},
}

@article{L2,
title={Supercomputer Lomonosov-2: Large Scale, Deep Monitoring and Fine Analytics for the User Community},
volume={6},
url={https://superfri.org/index.php/superfri/article/view/278},
DOI={10.14529/jsfi190201},
number={2},
journal={Supercomputing Frontiers and Innovations},
author={Voevodin, Vladimir V. and Antonov, Alexander S. and Nikitenko, Dmitry A. and Shvets, Pavel A. and Sobolev, Sergey I. and Sidorov, Igor Yu. and Stefanov, Konstantin S. and Voevodin, Vadim V. and Zhumatiy, Sergey A.},
year={2019},
month={Jun.},
pages={4–11}}


@article{Azov,
url = {https://doi.org/10.1515/rnam-2018-0015},
title = {Modelling the Azov Sea circulation and extreme surges in 2013-2014 using the regularized shallow water equations},
author = {Dmitry S. Saburin and Tatiana G. Elizarova},
pages = {173--185},
volume = {33},
number = {3},
journal = {Russian Journal of Numerical Analysis and Mathematical Modelling},
doi = {doi:10.1515/rnam-2018-0015},
year = {2018}
}

@CONFERENCE{MARESEDU,
  author       = {Фомин В.В., Дианский Н.А., Чаплыгин А.В.},
  title        = {Расчет экстремальных нагонов в Таганрогском заливе и использование моделей циркуляции атмосферы и океана различного пространственного разрешения},
  booktitle    = {Труды VI международной научно-практической конференции «Морские исследования и образование: MARESEDU-2017»},
  year         = {2017}
}
 
@article{AzovStorm,
title = {Расчет экстремальных нагонов в Таганрогском заливе с использованием морских и атмосферных моделей различного пространственного разрешения},
author = {Фомин В.В., Дианский Н.А.},
number = {5},
journal = {Метеорология и гидрология},
year = {2018}
}

@book{kirk10,
  address = {Burlington, MA},
  author = {Kirk, David B. and Hwu, Wen-mei W.},
  publisher = {Morgan Kaufmann Publishers},
  series = {Applications of GPU Computing Series},
  title = {Programming Massively Parallel Processors: A Hands-on Approach},
  year = 2010
}



%%%%%%%%%%%%%%%%%%%%%%%%%%%%%%%%%%%%%%%%%%%%%%%%%%%%%%%%%%%%%%%%%%%%%%%%%%
%%%%%%%%%%%%%%%%%%%%%%%%%%%%%%%%%%%%%%%%%%%%%%%%%%%%%%%%%%%%%%%%%%%%%%%%%%
%%%%%%%%%%%%%%%%%%%%%%%%%%%%%%%%%%%%%%%%%%%%%%%%%%%%%%%%%%%%%%%%%%%%%%%%%%

@BOOK{Sychev,
  author = {Сычёв, М. С.},
  title = {История Астраханского казачьего войска : учебное пособие},
  address = {Астрахань},
  publisher = {Волга},
  year = {2009},
  numpages = {231},
  language = {russian}
}

@BOOK{Sokolov,
  author = {Соколов, А. Н. and Сердобинцев, К. С.},
  editor = {Бочарова, В. М.},
  address = {Астрахань},
  publisher = {Калиниградский ЮИ МВД России},
  title = {Гражданское общество: проблемы формирования и развития (философский и юридический аспекты) : монография},
  year = {2009},
  numpages = {218},
  language = {russian}
}

@BOOK{Gaidaenko,
  author = {Гайдаенко, Т. А.},
  title = {Маркетинговое управление: принципы управленческих решений и российская практика},
  edition = {{}3-е изд, перераб. и доп.},
  address = {М.},
  publisher = {Эксмо: МИРБИС},
  year = {2008},
  numpages = {508},
  language = {russian}
}

@BOOK{Lermontov,
  author = {Лермонтов, Михаил Юрьевич},
  title = {Собрание сочинений: в 4 т.},
  address = {М.},
  publisher = {Терра-Кн. клуб},
  year = {2009},
  note = {4 т.},
  language = {russian}
}

@BOOK{Management,
  title = {Управление бизнесом : сборник статей},
  address = {Нижний новгород},
  publisher = {Изд-во Нижегородского университета},
  year = {2009},
  numpages = {243},
  language = {russian}
}

@BOOK{Borozda,
  author = {Борозда, И. В. and Воронин, Н. И. and Бушманов, А. В.},
  title = {Лечение сочетанных повреждений таза},
  address = {Владивосток},
  publisher = {Дальнаука},
  year = {2009},
  numpages = {195},
  language = {russian}
}

@BOOK{Marketing,
  author = {Михненков, О. В. and Коготкова, И. З. and Генкин, Е. В. and Сороко, Г. Я.},
  title = {Маркетинговые исследования в строительстве : учебное пособие для студентов специальности «Менеджмент организаций»},
  address = {М.},
  publisher = {Государственный университет управления},
  year = {2005},
  numpages = {59},
  language = {russian}
}

% ГОСТ Р 7.0.11-2011, Приложение Б, Нормативные правовые акты
@BOOK{Constitution,
  title = {Конституция Российской Федерации : офиц. текст.},
  address = {М.},
  publisher = {Маркетинг},
  year = {2001},
  numpages = {39},
  language = {russian}
}

@BOOK{FamilyCode,
  title = {Семейный кодекс Российской Федерации : [федер. закон: принят Гос. Думой 8 дек. 1995~г. : по состоянию на 3~янв. 2001~г.]},
  address = {СПб.},
  publisher = {Стаун-кантри},
  year = {2001},
  numpages = {94},
  language = {russian}
}

% ГОСТ Р 7.0.11-2011, Приложение Б, Стандарты
@BOOK{Gost.7.0.53,
  title = {ГОСТ Р 7.0.53-2007 Система стандартов по информации, библиотечному и издательскому делу. Издания. Международный стандартный книжный номер. Использование и издательское оформление.},
  address = {М.},
  publisher = {Стандартинформ},
  year = {2007},
  numpages = {5},
  language = {russian}
}

% ГОСТ Р 7.0.11-2011, Приложение Б, Депонированные научные работы
@BOOK{Razumovski,
  author = {Разумовский, В. А. and Андреев, Д. А.},
  title = {Управление маркетинговыми исследованиями в регионе},
  address = {М.},
  year = {2002},
  numpages = {210},
  note = {Деп. в ИНИОН Рос. акад. наук 15.02.02, № 139876},
  language = {russian}
}

% ГОСТ Р 7.0.11-2011, Приложение Б, Диссертации
@BOOK{Lagkueva,
  author = {Лагкуева, Ирина Владимировна},
  title = {Особенности регулирования труда творческих работников театров : дис. ... канд. юрид. наук : 12.00.05},
  address = {М.},
  year = {2009},
  numpages = {168},
  language = {russian}
}

@BOOK{Pokrovski,
  author = {Покровский, Андрей Владимирович},
  title = {Устранимые особенности решений эллиптических уравнений : дис. ... д-ра физ.-мат. наук : 01.01.01},
  address = {М.},
  year = {2008},
  numpages = {178},
  language = {russian}
}

% ГОСТ Р 7.0.11-2011, Приложение Б, Авторефераты диссертаций
@BOOK{Sirotko,
  author = {Сиротко, Владимир Викторович},
  title = {Медико-социальные аспекты городского травматизма в современных условиях : автореф. дис. ... канд. мед. наук : 14.00.33},
  address = {М.},
  year = {2006},
  numpages = {26},
  language = {russian}
}

% !!! этот пример НЕ работает с bibtex
% Тот же пример, с использованием https://www.ctan.org/pkg/biblatex-gost
@THESIS{Sirotko2,
  author =       {Сиротко, Владимир Викторович},
  title =        {Медико-социальные аспекты городского травматизма в современных условиях},
  media =        {text},
  type =         {phdautoref},
  science =      {мед. наук},
  specialitycode ={14.00.33},
  address =      {М.},
  year =         {2006},
  pagetotal =    {26},
  language =     {russian},
}

@BOOK{Lukina,
  author = {Лукина, Валентина Александровна},
  title = {Творческая история «Записок охотника» И. С. Тургенева : автореф. дис. ... канд. филол. наук : 10.01.01},
  address = {СПб.},
  year = {2006},
  numpages = {26},
  language = {russian}
}

% !!! этот пример НЕ работает с bibtex
% Тот же пример, с использованием https://www.ctan.org/pkg/biblatex-gost
@THESIS{Lukina2,
  author =       {Лукина, Валентина Александровна},
  title =        {Творческая история «Записок охотника» И. С. Тургенева},
  media =        {text},
  type =         {phdautoref},
  science =      {филол. наук},
  specialitycode ={10.01.01},
  address =      {СПб.},
  year =         {2006},
  pagetotal =    {26},
  language =     {russian},
}

% ГОСТ Р 7.0.11-2011, Приложение Б, Отчёты о научно-исследовательской работе
@BOOK{Methodology,
  author = {Загорюев, А. Л.},
  title = {Методология и методы изучения военно-профессиональной направленности подростков : отчёт о НИР},
  address = {Екатеринбург},
  institution = {Уральский институт практической психологии},
  year = {2008},
  numpages = {102},
  language = {russian}
}

% ГОСТ Р 7.0.11-2011, Приложение Б, Электронные ресурсы
@BOOK{Encyclopedia,
  title = {Художественная энциклопедия зарубежного классического искусства [Электронный ресурс]},
  address = {М.},
  publisher = {Большая Рос. энкцикл.},
  year = {1996},
  note = {1 электрон. опт. диск (CD-ROM)},
  language = {russian}
}

% !!! этот пример НЕ работает с bibtex
% Тот же пример, с использованием https://www.ctan.org/pkg/biblatex-gost
@BOOK{Encyclopedia2,
  title = {Художественная энциклопедия зарубежного классического искусства},
  address = {М.},
  media = {eresource},
  publisher = {Большая Рос. энкцикл.},
  year = {1996},
  note = {1 электрон. опт. диск (CD-ROM)},
  language = {russian},
}

@ARTICLE{Nasirova,
  author =       {Насырова, Г. А.},
  title =        {Модели государственного регулирования страховой деятельности
                  [Электронный ресурс]},
  journal =      {Вестник Финансовой академии},
  year =         {2003},
  number =       {4},
  note =         {Режим доступа: http://vestnik.fa.ru/4(28)2003/4.html},
  language =     {russian}
}

@ARTICLE{Nasirova2,
  author = {Насырова, Г. А.},
  title = {Модели государственного регулирования страховой деятельности},
  journal = {Вестник Финансовой академии},
  year = {2003},
  media = {eresource},
  number = {4},
  note = {Режим доступа: http://vestnik.fa.ru/4(28)2003/4.html},
  language = {russian}
}

% ГОСТ Р 7.0.11-2011, Приложение Б, Статьи

@ARTICLE{Berestova,
  author = {Берестова, Т. Ф.},
  title = {Поисковые инструменты библиотеки},
  journal = {Библиография},
  year = {2006},
  number = {4},
  pages = {19},
  language = {russian}
}

@ARTICLE{Kriger,
  author = {Кригер, И.},
  title =  {Бумага терпит},
  journal = {Новая газета},
  year = {2009},
  note = {1 июля},
  language = {russian}
}


% Examples from https://verbosus.com/bibtex-style-examples.html
@ARTICLE{Article,
  author   = {Peter Adams},
  title    = {The title of the work},
  journal  = {The name of the journal},
  year     = {1993},
  number   = {2},
  pages    = {201-213},
  month    = {7},
  note     = {An optional note},
  volume   = {4},
  language = {english}
}

@BOOK{Book,
  author    = {Peter Babington},
  title     = {The title of the work},
  publisher = {The name of the publisher},
  year      = {1993},
  volume    = {4},
  series    = {10},
  address   = {The address},
  edition   = {3},
  month     = {7},
  note      = {An optional note},
  isbn      = {3257227892},
  language  = {english}
}

@BOOKLET{Booklet,
  title        = {The title of the work},
  author       = {Peter Caxton},
  howpublished = {How it was published},
  address      = {The address of the publisher},
  month        = {7},
  year         = {1993},
  note         = {An optional note},
  language     = {english}
}

@CONFERENCE{Conference,
  author       = {Peter Draper},
  title        = {The title of the work},
  booktitle    = {The title of the book},
  year         = {1993},
  editor       = {The editor},
  volume       = {4},
  series       = {5},
  pages        = {213},
  address      = {The address of the publisher},
  month        = {7},
  organization = {The organization},
  publisher    = {The publisher},
  note         = {An optional note},
  language     = {english}
}

@INBOOK{Inbook,
  author       = {Peter Eston},
  title        = {The title of the work},
  booktitle    = {Book title},
  chapter      = {8},
  pages        = {201-213},
  publisher    = {The name of the publisher},
  year         = {1993},
  volume       = {4},
  series       = {5},
  address      = {The address of the publisher},
  edition      = {3},
  month        = {7},
  note         = {An optional note},
  language     = {english}
}

@INCOLLECTION{Incollection,
  author       = {Peter Farindon},
  title        = {The title of the work},
  booktitle    = {The title of the book},
  publisher    = {The name of the publisher},
  year         = {1993},
  editor       = {The editor},
  volume       = {4},
  series       = {5},
  chapter      = {8},
  pages        = {201-213},
  address      = {The address of the publisher},
  edition      = {3},
  month        = {7},
  note         = {An optional note},
  language     = {english}
}

@MANUAL{Manual,
  title        = {The title of the work},
  author       = {Peter Gainsford},
  organization = {The organization},
  address      = {The address of the publisher},
  edition      = {3},
  month        = {7},
  year         = {1993},
  note         = {An optional note},
  language     = {english}
}

@MASTERSTHESIS{Mastersthesis,
  author       = {Peter Harwood},
  title        = {The title of the work},
  school       = {The school where the thesis was written},
  year         = {1993},
  address      = {The address of the publisher},
  month        = {7},
  note         = {An optional note},
  language     = {english}
}

@MISC{Misc,
  author       = {Peter Isley},
  title        = {The title of the work},
  howpublished = {How it was published},
  month        = {7},
  year         = {1993},
  note         = {An optional note},
  language     = {english}
}

@PHDTHESIS{Phdthesis,
  author       = {Peter Joslin},
  title        = {The title of the work},
  school       = {The school where the thesis was written},
  year         = {1993},
  address      = {The address of the publisher},
  month        = {7},
  note         = {An optional note},
  language     = {english}
}

@PROCEEDINGS{Proceedings,
  title        = {The title of the work},
  year         = {1993},
  editor       = {Peter Kidwelly},
  volume       = {4},
  series       = {5},
  address      = {The address of the publisher},
  month        = {7},
  organization = {The organization},
  publisher    = {The name of the publisher},
  note         = {An optional note},
  language     = {english}
}

@TECHREPORT{Techreport,
  author       = {Peter Lambert},
  title        = {The title of the work},
  institution  = {The institution that published},
  year         = {1993},
  number       = {2},
  address      = {The address of the publisher},
  month        = {7},
  note         = {An optional note},
  language     = {english}
}

@UNPUBLISHED{Unpublished,
  author       = {Peter Marcheford},
  title        = {The title of the work},
  note         = {An optional note},
  month        = {7},
  year         = {1993},
  language     = {english}
}

%%% Реальные примеры

% Инициалы должны быть записаны после запятой, с точками, через пробел
% http://www.kit-e.ru/articles/elcomp/2006_12_124.php
% Подчёркивания в ссылке приходится экранировать
% http://www.kit-e.ru/articles/elcomp/2006\_12\_124.php
@online{medvedev2006jelektronnye,
  title={Электронные компоненты и монтажные подложки},
  author={Медведев, А. М.},
  journal={Компоненты и технологии},
  number={12},
  pages={124--134},
  year={2006},
  medium={Электронный ресурс},
  url = {http://www.kit-e.ru/articles/elcomp/2006\_12\_124.php},
  urldate = {19.01.2015},
  language = {russian}
}

% Real example
% & в названии журнала надо экранировать
% 10.1002/1521-4125(200007)23:7<581::AID-CEAT581>3.0.CO;2-P
% < > в ссылке приходится экранировать %3C и %3E, а потом ещё знаки процента в них экранировать
% 10.1002/1521-4125(200007)23:7%3C581::AID-CEAT581%3E3.0.CO;2-P
% 10.1002/1521-4125(200007)23:7\%3C581::AID-CEAT581\%3E3.0.CO;2-P
% url не нужен. если запись о бумажной публикации
@article {CEAT:CEAT581,
  author = {Deiters, U. K.},
  title = {A Modular Program System for the Calculation of Thermodynamic Properties of Fluids},
  journal = {Chemical Engineering \& Technology},
  volume = {23},
  number = {7},
  publisher = {WILEY-VCH Verlag},
  issn = {1521-4125},
  doi = {10.1002/1521-4125(200007)23:7<581::AID-CEAT581>3.0.CO;2-P},
  pages = {581--584},
  year = {2000},
  language = {english}
}

% Real with  4 authors
@article{doi:10.1080/01932691.2010.513279,
  author = {Young-Sang Cho and Young Kuk Kim and Kook Chae Chung and Chul Jin Choi },
  title = {Deformation of Colloidal Crystals for Photonic Band Gap Tuning},
  journal = {Journal of Dispersion Science and Technology},
  volume = {32},
  number = {10},
  pages = {1408-1415},
  year = {2011},
  doi = {10.1080/01932691.2010.513279},
  language = {english}
}

% doi with (), author with umlaut or other unicode or specific symbols, 9 authors
% latex don't like Gösele1999161 in ref
% Умляуты в авторах понимаются из-за поддержки в юникодной странице pdflatex и xelatex
% Иллюстрация того, что будет. если на английской записи будут поставлена пометка, что язык русский
@article{Gosele1999161,
  title = "Wafer bonding for microsystems technologies",
  journal = "Sensors and Actuators A: Physical",
  volume = "74",
  number = "1–3",
  pages = "161 - 168",
  year = "1999",
  issn = "0924-4247",
  doi = "10.1016/S0924-4247(98)00310-0",
  author = "Gösele, U. and Tong, Q.-Y. and Schumacher, A. and Kräuter, G. and Reiche, M. and Plößl, A. and Kopperschmidt, P. and Lee, T.-H. and Kim, W.-J.",
  keywords = "Wafer bonding",
  keywords = "Fusion bonding",
  keywords = "Pressure sensors",
  keywords = "Interface reactions",
  keywords = "Hydrophilic bonding",
  keywords = "Hydrophobic bonding",
  language = {russian}
}

% Real example (from Google or Springer)
% unmodified styles don't know %language = {English}
% язык писать с маленьких
% иллюстрация incollection
% 10.1007/0-387-32989-7_45
% Подчёркивания в DOI приходится экранировать
% 10.1007/0-387-32989-7\_45
@incollection{Li2007StressAnalysis,
  year={2007},
  isbn={978-0-387-27974-9},
  booktitle={Micro- and Opto-Electronic Materials and Structures: Physics, Mechanics, Design, Reliability, Packaging},
  editor={Suhir, E. and Lee, Y. C. and Wong, C. P.},
  doi={10.1007/0-387-32989-7_45},
  title={Stress Analysis for Processed Silicon Wafers and Packaged Micro-devices},
  publisher={Springer US},
  author={Li, Li and Guo, Yifan and Zheng, Dawei},
  pages={B677-B709},
  language={english}
}

% Real, β sign
% inputenc don't know β sign %aluminosilicate-β-quartz
% Знаки типа β, которые не знает таблица кодировки, с которой работает компилятор нужно заменять на latex команды
% doi должен быть без http://dx.doi.org/
@article{Shoji199895,
title = "Low-temperature anodic bonding using lithium aluminosilicate-\(\beta\)-quartz glass ceramic",
journal = "Sensors and Actuators A: Physical",
volume = "64",
number = "1",
pages = "95 - 100",
year = "1998",
note = "Tenth {IEEE} International Workshop on Micro Electro Mechanical Systems ",
issn = "0924-4247",
doi = "10.1016/S0924-4247(97)01659-2",
author = {Shuichi Shoji and Hiroto Kikuchi and Hirotaka Torigoe},
keywords = "Anodic bonding",
keywords = "Low-temperature bonding",
keywords = "Micro assembly",
keywords = "Micro package",
keywords = "Glass ceramic",
}


% from urlbst package
% Example from Jason Eisner, by mail (nothing special about the entry,
% but he seemed to be having formatting problems with unsrturl and proceedings
% entries.
% http://cs.jhu.edu/~jason/papers/#icassp07
@InProceedings{test:eisner-sample,
  author =       {Damianos Karakos and Sanjeev Khudanpur and Jason
                  Eisner and Carey~E. Priebe},
  title =        {Iterative denoising using {J}ensen-{R}enyi
                  divergences with an application to unsupervised
                  document categorization},
  booktitle =    {Proceedings of ICASSP},
  year =         2007,
  url =          {http://cs.jhu.edu/~jason/papers/\#icassp07}
}

@InProceedings{test:eisner-sample-shorted,
  author =       {Damianos Karakos and Sanjeev Khudanpur and Jason
                  Eisner and Carey~E. Priebe},
  title =        {Iterative denoising using {J}ensen-{R}enyi
                  divergences with an application to unsupervised
                  document categorization},
  booktitle =    {Proceedings of ICASSP},
  shortbooktitle = {Proc. of ICASSP},
  year =         2007,
  url =          {http://cs.jhu.edu/~jason/papers/\#icassp07}
}

% Попытка записать патент имеющимися средствами
@Book{iofis_patent1960,
  title                    = {Способ пайки керамики с~керамикой и~стекла с~металлом : а.\,с.~126728 СССР},
  author                   = {Иофис, Н. А.},
  year                     = {1960},
  numpages                 = {Бюл. № 5.~1},
  language                 = {russian}
}

% Попытка записать патент имеющимися средствами
@Book{AB_patent_Pomerantz_1968,
  title                    = {Anodic bonding : patent no. 3397278 US},
  author                   = {Pomerantz, D. I.},
  year                     = {1968},
  language                 = {english}
}

% !!! этот пример НЕ работает с bibtex
% Примеры оформления патентов из пакета https://www.ctan.org/pkg/biblatex-gost
@Patent{patent2h,
  heading =      {Заявка 1095735 Рос. федерация, МПК\ensuremath{^7} B 64 G 1/00},
  author =       {Тернер, Э. В.},
  authortype =   {США},
  title =        {Одноразовая ракета-носитель},
  media =        {text},
  holder =       {{заявитель Спейс Системз/Лорал, инк.}},
  credits =      {патент. поверенный Егорова Г. Б.},
  reqnumber =    {2000108705/28},
  date =         {2000-04-07},
  publdate =     {2001-03-10},
  publication =  {Бюл. № 7 (I ч.)\midsentence},
  prdate =       {1999-04-09},
  prnumber =     {09/289, 037},
  prcountry =    {countryus},
  pagetotal =    {5 с.~: ил.},
  language =     {russian},
}

@Patent{patent3h,
  heading =      {А. с. 1007970 СССР, МКИ\ensuremath{^3} В 25.1 15/00},
  author =       {В. С. Ваулин and В. Г. Кемайкин},
  authortype =   {СССР},
  title =        {Устройство для захвата неориентированных деталей типа валов},
  media =        {text},
  reqnumber =    {3360585/25-08},
  date =         {1981-11-23},
  publication =  {Бюл. № 12},
  publdate =     {1983-03-30},
  pagetotal =    {2 с.~: ил.},
  language =     {russian},
}

@Patent{patent2,
  author =       {Тернер, Э. В.},
  authortype =   {США},
  title =        {Одноразовая ракета-носитель},
  media =        {text},
  type =         {patreq},
  number =       1095735,
  location =     {countryru},
  ipc =          {МПК\ensuremath{^7} B 64 G 1/00},
  holder =       {{заявитель Спейс Системз/Лорал, инк.}},
  credits =      {патент. поверенный Егорова Г. Б.},
  reqnumber =    {2000108705/28},
  date =         {2000-04-07},
  publdate =     {2001-03-10},
  publication =  {Бюл. № 7 (I ч.)\midsentence},
  prioritydate = {1999-04-09},
  prioritynumber ={09/289, 037},
  prioritycountry ={countryus},
  pagetotal =    {5 с.~: ил.},
  language =     {russian},
}

%%% Использование дополнительных опций biblatex

@Book{sobenin_kdv,
  author =       {О. А. Вальднер and Н. П. Собенин and Б. В. Зверев and И. С. Щедрин},
  options =      {maxnames=4},
  title =        {Диафрагмированные волноводы},
  subtitle =     {Справочник},
  publisher =    {Энергоатомиздат},
  edition =      3,
  year =         1991,
  pagetotal =    280,
  location =     {М.},
  language =     {russian},
  isbn =         {5-283-03960-9},
}

@InProceedings{initials,
  author =       {Ya.Yu. Ivanov},
  title =        {Stabilization of the initials in the bibliography entries},
  booktitle =    {Proc. of {IPAC'10}},
  options =      {giveninits=false},
  pages =        {1234 -- 4321},
  language =     {english},
  venue =        {Kyoto, Japan},
  publisher =    {JACoW Publishing},
  location =     {Geneva},
  month =        5,
  year =         2010,
}
